1132 4078
108 42 981 111 PRIMVM DVBIVM.
34 205 1072 289 V. rerum pretium ex se sit in¬
108 292 1001 370 diuisibile, & solum ex no¬
161 390 1055 501 stra ignorantia habeat.
325 490 782 575 latitudinem.
183 723 1103 790 Dvae sunt in re proposita opiniones.
104 737 1111 861 Prima affirmans pretium iustum
14 880 1106 940 rerum ex se, & ante Deum, qui omnes
20 928 1104 995 circunstantias videt, & comprehendit
16 999 1107 1061 ex quibus commensuratio rei venditae
15 1054 1110 1158 ad pretium taxandum pendet, esse indi¬
19 1138 1110 1192 uisibile: quamuis ex imperfectione co¬
22 1207 1095 1275 gnitionis nostrae, & opinionum vulgi,
20 1271 1089 1331 & consiliariorum latitudinem habeat.
15 1343 1107 1406 Ita vt ad pretium illud nec minutissimus
12 1406 1096 1488 nummus addi possit, quin pretium iu¬
19 1474 1110 1542 stum excedamus, & sola nos ignorantia
20 1541 1107 1611 excusari in pretio latitudinem habente
19 1611 1110 1693 constituendo. Vnde aſſerit haec opinio
19 1683 1107 1747 si nos reuelationem haberemus omniū
25 1754 1102 1830 circunstantiarum ex quibus iusta pretij
19 1820 1114 1899 aestimatio pendet: quibus posita reue¬
22 1892 1114 1952 latione pretium iustum necessario, &
27 1959 1106 2038 euidenter sciremus, id pretium indiui¬
27 2030 1114 2091 sibile fore futurum: nec tunc latitudinē
41 2099 1114 2169 pretii rigorosi mediocris, & pij locum
27 2161 1106 2228 habiturem. Sed quia homines sumus
42 2235 1099 2301 ignorantiae tenebris oppressi tam reges,
26 2314 1103 2372 & magistratus taxantes pretia rerum,
22 2371 1106 2453 quam qui in rempub. pretium cnnsue¬
25 2442 1103 2520 tudine, & vsu inuehunt, quam qui vtro¬
25 2510 1110 2568 que deficiente pretium conuentionale
26 2574 1111 2645 sibi constituunt, ideò ignorantia sola,
20 2645 1107 2708 nos excusari, in pretio latitudinem ha¬
34 2712 1099 2791 bente constituendo, quod in se ipso se¬
27 2785 1107 2849 clusa ignorantia in indiuisibili consistit.
34 2854 1104 2924 Sicut quando aestimamus Roma, v. g.
34 2916 1114 3008 vel ipse sol quot ab hinc leucis distet pla
26 2989 1107 3049 num est diastantiam illam esse in se, & co
27 3056 1099 3114 ram Deo definitam, & indiuisibilem, ta¬
37 3118 1104 3186 men nos quia ignoramus, iusta probabi
26 3185 1111 3256 litate in varias opiniones abimus, quod
26 3251 1110 3350 in re praesenti magis locum habet, cum
26 3320 1099 3378 taxatio pretij, ex quam plurimis circū¬
30 3380 1112 3453 stantijs nobis occultissimis, & collatione
31 3451 1111 3518 earum cum alijs, & cum pretio debeat
35 3516 1099 3604 pensitari. Ita opinatur Aluarez de con¬
26 3584 1103 3654 tractib.tit. 16. Palacios 2. de contract. cap.
27 3640 1102 3724 2, Richard. in 1. dist. 33. art. 1. & Gandau.
22 3714 1102 3792 quodlib. I. q. 40. Probatur, quia iustitia
29 3784 1096 3862 consistit inaequalitate, dicente Arist. lib.
26 3856 1104 3927 1. magn. moral. cap. 34. [quod iuſtum eſt
25 3934 1103 3994 aequale eſt] vnde tria inter ſe inaequalia
23 4006 100 4051 cum vno aequalitatem habere non poſ¬
