1088 4090
28 0 823 76 suetudine vulgi componitur, in quo
16 63 1067 126 res cum aliqua latitudine pretij vendi
21 127 1067 194 consueuerunt, ideo omnes authores as¬
20 202 1047 265 serunt pretium hoc naturale habere la¬
24 269 1063 332 titudinem rigorosi, mediocris, & pij:
17 338 1055 399 rigorosum est pretium supremum, me¬
17 408 1070 476 diocre est medium, pium est infimum;
24 479 1067 563 v. g. triticum venire consueuit alias no¬
23 543 1071 610 uem regalibus, aliàs decem, aliàs vnde¬
21 614 1059 701 cim: rigorosum, & supremum sunt vn¬
20 694 1079 746 decim, pium, seu infimum sunt nouem;
17 753 1067 815 mediocre, seu medium sunt decem; &
27 817 1079 884 haec tria sunt pretia iusta naturalia, quia
27 888 1063 955 omnia, vt suppono, sunt in vsu commu¬
13 963 1063 1037 ni reip. nec vltra, aut citra vagatur pre¬
17 1023 1082 1118 tium eius. Infra nouem ergo, vel vltra
17 1090 1073 1154 vndecim pretia non erunt iusta, quia
11 1157 1053 1221 non sunt in vsu communi reip, vt sup¬
16 1224 1071 1311 pono. Ita iura, & Doctores l. pretia, ff.
11 1299 1070 1362 ad l. Falcid. cum verbis vlti. l.anteceden¬
8 1367 1083 1435 tis, & infravlt eiusdem, l. §. Marcellus,
17 1434 1073 1498 & ibi gloss. Bar. & DD. & l.inI S. fin. ff.
11 1505 1079 1566 ad l. Falcid. D. Tho. 2. 2. q. 77. artic. 1. ad 1.
17 1570 1073 1649 Vbi Aragon, Bannez, & Valent. & alij
12 1640 1074 1701 expositores. Mol. disp. 347. per totam. Sa¬
11 1716 1083 1783 las tract. de empt. dub. 4. nu.4. Scot. in 4. d.
12 1776 1067 1870 15. q. 7. ar. 2. Mai. ibi. q. 29. 31. & 40. Me¬
13 1840 1078 1909 din. de restit. q. 31. Soto 6. de iust. q. 2. ar. 3.
12 1914 1081 1984 S. Faust. disp. 6. de empt. dub. 5. n. 7. Tolet.
7 1984 1073 2049 lib. de 7. peccat. cap. 6. Sylu. verb. emptio q.
27 2062 1066 2128 7. Nau. cap. 23. n. 78. Couarr. 2. var. cap. 3.
12 2117 1067 2196 Reginald.lih. 25. cap. 16. n. 271. Qui ratio¬
7 2185 1062 2248 nem reddit, quod princeps authorita¬
7 2251 1063 2323 tiue statuit pretium, & ideo illud indi¬
11 2319 1063 2386 uiduum, quod statuit obligat: reliqui
11 2389 1055 2452 verò qui emunt, & vendunt, solum con¬
0 2456 1065 2521 sultiuè, siue opinatiuè, & ideo quasi do¬
0 2524 1063 2588 ctoribus indiuersas opiniones euntibus
3 2600 1045 2656 cuilibet licet ex illis sequi, quam malue¬
0 2664 1043 2719 rit. Quae ratio, vt probetur, multa ha¬
3 2731 500 2790 bet consideranda.
63 2801 1058 2870 Dicitur autem naturale hoc pretium,
4 2874 1055 2930 quia nullo gratuito iure, aut lege inter¬
3 2932 1058 3003 cedente, sequitur naturaliter ex iudi¬
7 3001 1050 3060 cijs omnium, qui sunt in rep. conferen¬
11 3076 1058 3147 tium valorem mercis cum valore pretij
12 3139 1061 3201 collata vtilitate mercis cum vtilitate
17 3207 1057 3284 pretij; ex his, quae illis naturaliter in¬
3 3269 1067 3338 sunt, quae iudicia omnium, qui sunt in
3 3336 1059 3404 repub. respicientium suam vtilitatem, &
13 3412 1055 3465 commodum vitiari, & corrumpi mora¬
13 3468 540 3546 liter est impossibile.
70 3540 1055 3622 Ex praedicta conclusione sequitur di¬
20 3606 1063 3666 uersis temporibus eamdem rem modo
20 3673 1059 3736 carius, modo mitius iustè vendi posse,
23 3742 1066 3817 quia pretia in rep. variantur. Sequitur
20 3798 1071 3864 secundò, eodem tempore eandem rem
20 3873 1051 3950 diuersis personis vni pretio pio alij me¬
21 3935 1073 4022 diocri, alij rigoroso rectè, & iustè vendi
24 3995 388 4085 posse. Sequit tertiò, eamdem rem
