1104 4030
92 1 1096 61 Prius quam directè respondeam, duo
33 70 1099 163 obserua pro praxi huius materiae valde
25 137 1076 201 necessaria: primum est existente pretio le¬
24 207 1090 286 gali illud esse sequendum, quia taxę eius
27 271 1076 349 coniuncta est lex, & praeceptum supe¬
20 357 1084 404 riorum illo pretio in rep. omnes emere,
20 409 1076 492 & vendere iubentium. Ita D. Th. 2. 2. q.
16 478 1067 530 27. ar. 1. & ibi eius expositores, Caiet. A¬
16 542 1079 599 ragon, Bannes, Salon. Reginaldus lib. 25.
20 610 1079 671 cap. 16. sect. 3. n. 283. Illo autem non
24 678 1080 735 existente intrat pretium naturale cum
17 743 1086 822 sua latitudine, quem omnes ementes, &
24 809 1068 892 vendantes sequi debent. Tertio loco
20 873 1055 957 naturali non currente in repub. subin¬
20 947 1076 1005 trat pretium conuentionale maiorem
16 1014 1064 1091 latitndinem habens, quem iuxta bono¬
13 1103 1009 1161 rum iudicium omnes sequi tenentur.
90 1144 1068 1224 Secundum est, pretium legale in indi¬
27 1213 1079 1270 uisibili consistere, ita quod ne latum
21 1278 1070 1337 quidem vnguem ab eo liceat discedere:
25 1347 1060 1418 pretium verò naturale habere suam la¬
25 1414 1080 1492 titudinem, intra quam licet emptori, &
24 1495 1071 1539 venditori carius, aut mitius contrahere.
24 1549 1071 1606 Pretium, denique conuentionale habet
17 1614 1072 1673 multo maiorem latitudinem, verum
20 1681 1079 1738 iuxta eam iudicio prudentium expensam
24 1743 545 1807 contrahendam est.
88 1807 1067 1880 De hoc ergo pretio conuentionali,
20 1879 1071 1939 quod tantam habet latitudinem versatur
25 1960 1064 2025 praesens dubium, vtrum possit in immen¬
9 2016 1067 2078 sam excrescere Et quidem aliqua quocunque
13 2081 1075 2139 maiori, & maiori pretio venire posse,
24 2145 1055 2219 prout inter contrahentes conuenerit.
24 2212 1068 2271 Probatur primo, quia vnusquisque suae rei
16 2275 1072 2333 est moderator, & arbiter, l. in re man¬
13 2345 1067 2410 data. C. mand. & reg. iuris, & l. etiam. §.
7 2412 1055 2471 licet ff. 50. ma. ergo si ambo contrahen¬
13 2481 1068 2537 tes conueniant in pretio quantumuis
9 2550 1066 2611 magno emptio, & venditio constabunt,
4 2618 1062 2692 non existente pretio legali, neque con¬
11 2680 1068 2740 uentionali in rep. Secundo, quia res
13 2748 1068 2809 tantum valent quantum vendi possunt,
15 2813 1058 2898 l.1.§. si hęres ff. ad Trebel. & ibi glos. &
15 2878 1068 2935 l. quaerebatur. ff. ad l. Falcid. & l. debitum.
31 2943 1072 3022 ff.ad Trebel. in fin. sed hoc non obtinet
11 3014 1068 3072 existente pretio legali, aut naturali, in
4 3076 1043 3137 repub. quia illa pretia euidenter limita¬
9 3141 1059 3208 ta sunt, & arctis suis terminis conclusa,
13 3205 1052 3265 ergo debet intelligi de pretio conuen¬
7 3270 1052 3329 tionali. Tertio, quia supponuntur con¬
11 3340 1055 3398 trahentes conuenire scientes, & volen¬
5 3406 1067 3484 tes, ergo nemini, neque sibi ipsis faciunt
11 3471 1055 3552 iniuriam, secundum regulam iuris [scien¬
13 3544 1044 3629 ti, & volenti non fit iniuria.] Quarto,
17 3610 1066 3686 quia in casu supponimus non esse in re¬
24 3681 1048 3739 publica pretium legale, neque natura¬
16 3742 1051 3799 le, ergo necesse est ad conuentionale
13 3806 1066 3887 recurrere. Quinto, quia cum res hae
13 3871 1055 3953 exquisitae, & rarae non sint in rep. neces¬
259 3953 357 4015 sariae non cogitur empto emere, vnde
