1058 4032
30 0 1042 72 aequaliter diligat, quod magis, aut mi¬
26 64 1030 121 nus diligendum est.] Ecce tibi proba¬
30 131 1053 217 tissimam regulam, qua omnes omnino
26 198 1050 259 res pro dignitate aestimes, qua iustitiam
26 262 952 329 colas, qua sanctitatem consequaris.
79 329 1050 417 Sed in alia significatione magis stricta
26 400 1036 471 pretium sumitur in hac materia emptio¬
21 465 1047 536 nis, & venditionis, dum definimus eam
26 529 1033 589 esse permutationem rei pro pretio; pre¬
24 598 1047 668 tium enim ibi accipitur pro pecunia,
30 662 1047 731 quae est mensura rerum venalium, quae
21 731 1053 790 commutari debent, vt fiat permutatio
17 797 1050 869 secundum iustitiam, & adaequalitatem.
22 868 1028 925 Itaque pretium cuiusque rei est eius ae¬
17 946 1049 1012 stimatio ad aequalitatem in pecunia, qua
22 996 1047 1074 commutari debet secundum iustitiam;
26 1067 1050 1147 quod sic possumus definire, [est aequa
17 1131 1037 1214 mensura valoris rei vendibilis in pe¬
21 1197 186 1259 cunia.]
81 1268 1042 1339 Pretium autem rerum vendibilium,
24 1332 1038 1418 vt quaestioni faciamus satis triplex est,
18 1408 1030 1462 scilicet legale naturale, & conuentiona¬
18 1470 1036 1549 le. Ita Arist. 5. ethic. cap. 7. D. Th. 2. 2. q. 77.
21 1530 1050 1604 art. 1. ad 1. & ibi Caiet. Bannes, Aragon,
34 1603 1045 1671 & Salon. Valent. disput. 5. q. 20. punct. 2.
30 1666 1053 1738 Anton. 2. p. tit. 1. cap. 16. in 2. p. cap. Sylu.
29 1732 1040 1820 verb.empt. q. 6. Med. C. de restit. q. 31. Con¬
24 1798 1049 1886 rad. de contract. q. 56. Summistae verb. em¬
21 1870 1051 1953 ptio, Nau. cap. 23. n. 78. Nau. lib. 3. de re¬
21 1953 1051 2029 stit. cap. 2. n. 1. Molin. disp. 347. & quatuor
8 1996 1032 2076 seqq. Salas de contractib. tract. 1.dub. 4. &
17 2067 1038 2163 25. Tolet. lib. de septem peccat. n. 45. Regi¬
12 2133 1049 2216 nald. lib. 25. cap. 16. Sotus 6. de iust. q. 2. ar.
29 2213 1038 2272 3. Gabr. in 4. d. 15. ar. 1. q. 10. Bonacin. di¬
29 2277 1053 2366 sput. 3. q. 2. punct. 4.n. 1. Couar. 2. var. cap.
13 2340 1050 2423 3. n. 1. Manuel in sum. cap. 173. n. 1. & 2.
20 2420 1050 2487 Lessius lib. 2. cap. 21. dub. 2.n.7. & 11.iun.
12 2477 1043 2549 cto 15. Filliuc. tract. 35. cap. 3. per totum.
9 2549 1053 2614 S. Faustus de emptione q. 5 Azor. 3.p.
7 2616 1038 2676 lib. 8. cap. 21. & 22. Nam omnes hi ex¬
22 2680 1040 2758 pressè agunt de pretio legali, & natura¬
0 2744 1049 2809 li, & hoc vocant, quo consueuerunt res
5 2815 1047 2876 vendi in repub. si ergo in illa aliquando
0 2885 1050 2948 non sit in vsuvenditio aliquarum rerum,
5 2948 1049 3007 pretio conuentionali opus est, idest in
3 3002 1050 3074 quo conueniunt emptor, & venditor ra¬
5 3070 1049 3147 tionabiliter, vt infra explicabimus. Itaque
5 3133 1047 3206 pretium legale est, quod lreip. taxatum
0 3202 1040 3256 est, pretium naturale communis aesti¬
0 3264 1043 3326 matio reip. pretium verò conuentiona¬
1 3331 1038 3395 le, id, de quo conuenit inter emptorem,
0 3403 1049 3466 & venditorem: & ita intelligendo hanc
3 3464 1053 3531 diuisionem est adęquata, & omnium DD.
0 3540 1050 3615 Ita expressè Salon 22. q. 77. ar. 1. contro¬
0 3596 286 3670 uers. 1.n. 5.
67 3661 1038 3750 Pretium legale est, quod lege Princi¬
9 3741 1032 3800 pum, vel reip. vel aliquorum magistra¬
1 3788 1032 3868 tuum ad id potestatem habentium ta¬
5 3871 1050 3934 xatur; & ideo communiter taxa dicitur.
7 3927 992 3998 Hoc autem pretium in indiuisibili con¬
