1110 4164
11 4 1083 90 sine vsura vni vendi posse praesenti
17 77 1078 155 pecunia pretio infimo, & alij ad credi¬
4 148 1065 225 tum, pretio summo intra dictam latitu¬
12 214 1081 283 dinem; quia etiam praesenti pecunia
18 286 1081 360 pretio summo posset venire. Ita Caiet.
4 363 1081 443 2.2. q. 77. ar. 1. ad 1. Mol. disp. 347. prope
11 420 1087 501 fin. Ioannes de Medin. C. de restitutione
3 491 1092 563 q. 31. Soto 6. de iust. q. 2. art. 3. Couarr. 2.
8 558 1076 618 var. cap. 3. ad fi.n. 4. & Doctores commu¬
14 629 1083 689 niter; & sequitur euidenter ex dicta la¬
12 694 1076 749 titudine pretij iusti. S. Faustinus de em¬
11 763 1087 845 ptione q. 5.n.7. qui bene n. 7. probat diem,
14 828 1086 904 & horam esse inspiciendum ad pretium;
15 897 574 980 & Soto lib. 6. q. 2. ar. 3.
83 965 1090 1025 Pretium conuentionale tertio loco
19 1036 1087 1101 ingreditur non existente in rep. neque
19 1104 1104 1184 pretio legali, quia non est taxatum à
25 1176 1101 1252 principe, neque naturali, quia non est
17 1242 1105 1301 recepta in rep. emptio, & venditio illius
11 1305 1104 1368 rei, puta accipitris alicuius, falconis, exi¬
11 1379 1081 1435 miae alicuius picturae, grandioris gem¬
17 1446 1086 1508 mae, generosi equi, egregiae, & splendi¬
19 1517 1101 1604 dae vestis. Quia ergo tunc emptor, &
29 1584 1101 1650 venditor de pretio legali, aut naturali,
18 1652 1101 1714 idest currente in republica conuenire
17 1719 1100 1782 non possunt, quia non est, conueniunt
22 1787 1083 1851 de pretio ad suum arbitrium considera¬
18 1852 1104 1944 tis circumstantijs, quae pretium natura¬
18 1918 1100 1986 le iuste constituunt, & ideo hoc pretium
17 1991 1093 2071 conuentionale dicitur. Quod sine du¬
17 2062 1092 2121 bio magis habet de arbitrio, & latitudi¬
3 2131 1100 2190 ne, quam pretium legale, aut naturale.
8 2196 1083 2259 Et eandem latitudinem pretij conuen¬
7 2267 1090 2325 tionalis habent aliquae actiones ad con¬
12 2338 1087 2393 tractum locationis, & conductionis per¬
4 2407 1104 2465 tinentes; quia nec lege taxantur, nec
12 2476 1090 2534 vsu reip. vt aliqua eximia repraesentatio
0 2539 1101 2596 funibuli volatio, allegatio Doctoris, li¬
0 2607 1090 2687 beralis artis alicuius eximium magiste¬
1 2679 1101 2742 rium. Ita hoc pretium conuentionale
0 2746 1100 2810 aliqui Doctores explicarunt; & alij, qui
0 2812 1086 2875 nomen tacuerunt, rem asserunt: & re¬
0 2906 1097 2942 uera nisi hoc pretium conuentionale
0 2946 1082 3039 addatur, diuisio pretij in legale, & natu¬
0 3015 903 3076 rale in sufficiens est, & diminuta.
68 3099 1103 3141 Sed quaestionis est non leuis: Vtrum
0 3148 1104 3213 huiusmodi res, quę nec habent pretium
3 3226 1082 3283 legale, quia non sunt taxatae, neque na¬
0 3280 1104 3345 turale, quia non consueuerunt emi, &
3 3349 1079 3413 vendi in rep. quocumque pretio indif¬
1 3414 1076 3479 ferente pro arbitrio, & libito contrahen¬
3 3486 1101 3551 tium emi, vendique possint. Quod est
8 3556 1087 3616 quaerere, vtrum pretium conuentionale
3 3606 1082 3672 ad libitum emptoris, & venditoris con¬
7 3672 1086 3748 uenientium in infinitum excrescere ad
18 3744 1087 3806 quamcumque quantitatem, vel decre¬
3 3807 1086 3885 scere possit, vel habeat etiam suam lati¬
12 3874 1082 3947 tudinem, & fines, quos vltra, citraque
11 3945 1087 4014 nequit consistere iustum conuentionale
25 4013 280 4097 pretium.
