1096 4132
175 0 1007 79 gare non veram, sed putatam.
0 66 1045 155 25 Tribus argumentis probatur haec
186 139 380 215 opinio.
0 207 1049 262 26 Secunda opinio communior, & cer¬
182 277 1051 357 ta pretia rerum habere ex se, &
187 350 1049 407 coram Deo latitudinem, vulgare
182 415 1058 498 scilicet, & conuentionale pre¬
190 495 349 548 tium.
88 551 1058 638 27 Probatur tribus argumentis efficaci¬
182 639 288 689 ter.
91 690 1053 773 28 Probatur ratione à priori, quia pre¬
187 758 1049 845 tium sumit suum ordinem eſ¬
191 835 1055 914 sentialem non à scientia Dei, sed
187 901 1055 982 ab opinione hominum, & ipsius
193 970 358 1046 vulgi.
119 1053 1045 1117 Nec refert vera ne sit opinio vulgi,
191 1103 1053 1194 aut falsa, nam qualiscumq; ſit,
199 1177 754 1257 verum facit pretium.
12 1247 1055 1325 29 Tribus exemplis haec veritas illustra¬
187 1313 1055 1390 tur, scilicet, praescriptionis, &
197 1383 1058 1473 vsucapionis, & iudicis iudican¬
197 1450 1075 1531 tis secundum allegata, & operā¬
191 1518 1046 1598 tis vere bene ex ignorantia in¬
195 1582 453 1652 uincibili.
0 1650 1049 1743 30 Satis sit argumentis in contrarium.
167 1794 1053 1874 Qvomodocumq; res sint venden¬
167 1866 1035 1930 dae, siue pretio legali, siue vulga¬
0 1935 1045 2001 ri, aut conuentionalij, legali, & natu¬
4 2004 1047 2080 ralj deficiente, qui illud pretium con¬
3 2073 1051 2137 stituunt non possunt temere, quodcum¬
13 2141 1071 2232 que libitum fuerit taxare: sed tam prin
16 2212 1082 2274 cipes, & magistratus, quando pretium
16 2279 1078 2370 legale taxant, quā qui in repub. illud cō¬
20 2347 1079 2414 suetudine, & vsu introducunt, quam
17 2417 1090 2477 contrahentes, quando ad eos pertinet
20 2489 1086 2568 pretium constituere debent pretium na
24 2552 1089 2617 turale attendere: idest id quod in casu
20 2626 1090 2686 illo & modo vendendi ratio naturalis,
16 2688 1082 2762 attentis circumstantijs occurrentibus,
27 2781 1090 2841 praescribit: vt de singulis pretijs postea
31 2840 1071 2906 probabimus. Quae aestimatio iusti pretij
17 2897 1066 2955 mirum est ex quam multis circumstan¬
24 2963 1082 3031 tijs, & regulis traditis à DD. pendeat,
35 3029 1077 3092 vt iusta sit, & rationi conformis. De
24 3104 1082 3187 his ergo regulis ad aestimandum iustum
27 3171 1065 3223 rerum pretium, tam legale, quam con¬
27 3234 1075 3294 suetudinarium, & conuentionale modo
24 3302 1069 3364 sermonem instituimus si forte coeleste
24 3376 1061 3424 lumen ad huius materiae tenebras illu¬
31 3437 1087 3495 strādas nobisdiuina largitate indulgeat.
27 3492 1075 3564 In qua sectione tria erunt nobis dubia
28 3568 321 3631 enodanda. Vtrum rerum iustum pre¬
31 3639 1079 3698 tium consistat in indiuisibili etiam corā
31 3698 1082 3761 Deo, & solum ex nostra ignorantia, &
28 3768 1059 3825 imperitia latitudinem habeat. Secun¬
35 3837 1063 3888 dum, quae non sint attendenda, vt iu¬
28 3897 1061 3952 stum rerum pretium ęstimamus. Ter¬
35 3968 1063 4033 tium, quae sint verae regulae aestimandi,
32 4041 903 4097 & taxandi cuiusque rei pretium.
