1093 4028
30 0 1071 84 si magnum pretium praestet, donare vi¬
30 74 1085 128 detur. Ita victoria communiter citatus
40 138 1073 204 & Nau. de restit. cap. 2. n. 11. Bannez. 2.
30 207 1084 289 2. q. 87. art. 1. in princ. Valent. disp. 5. q. 20
30 276 1079 349 punct. 2. §. 3. Soto de iust. 6. lib. q. 2. art. 3.
21 339 1075 421 ad fin. Ledes. 2. p. sum. tract. 8. cap. 32. conc.
33 405 1076 477 5. reg. 3. & conc. 7. diffieul. 5. Manuel. sum.
26 476 1087 528 ca. 77. conc. 2 verb. venditio Ioan. Medin.
25 541 1072 630 C. de restit. q. 32. Tolet. lib. de 7 pecca. c. 48.
29 612 1070 686 & ex parte Salon. 2. 2. q. 77. controu. 3. &
21 675 1068 754 4. Sotus 6. de iust. q. 2. ad 3. scutus Victo¬
17 742 889 822 riam, & Canùm magistros suos.
91 811 1068 869 Sed tenendum etiam praedictas res
20 876 1056 952 habere suum certum, & limitatum pre¬
22 940 1070 1000 tium licet latius legali, & naturali, quod
21 1009 1062 1072 transgredi nefas sit. Ita Caiet. 2.2. q. 77.
20 1076 1067 1141 art. 1. & opusc. 17. q. 12. Aragon.ibi. art. 1.
16 1145 1047 1209 Nauar. cap. 23. n. 78. Molin. disp. 348. in
13 1211 1068 1292 fin. Rebel. p. 2. lib. 9. q. 2. fect. 2. nu. 10. ad 2.
13 1274 1062 1361 Leffius lib. 2. cap. 21. n. 10. Qui Rebellius,
16 1345 1070 1403 ait oppositam sententiam ante Victo¬
16 1408 1031 1480 riam fuisse inauditam. Salas tract. de
16 1477 1060 1540 empt. cap. 5. dub. 5. Medin. C. de restit. qu.
20 1550 1064 1617 32. Bonacin. disp. 3. q. 2. punct. 4. nu. 6. Va¬
13 1627 1060 1670 lent. disput. 5. q. 20 Salon. q. 77. ar 1. contro
11 1675 1062 1739 uers. 17. n. 9. Garcia de contract. cap. 9. nu.
21 1741 1062 1828 12. & alij communiter. Quia omnino
20 1800 1050 1869 contra rationem est pro re inutili, qua¬
17 1875 1066 1939 lia sunt ista, quodlibet pretium sine vlla
13 1941 1063 2002 limitatione dari. Vnde regula dicens
11 2012 1047 2070 tantum valent, quanti vendi possunt in¬
13 2073 1054 2140 telligi debet secundum communem
16 2140 1059 2201 vsum, vel prudens iudicium, conside¬
7 2209 1055 2266 ratis circumstantijs, & non omnino pro
9 2279 1046 2351 libito. Quis enim asserat cuppam vi¬
11 2339 1051 2396 tream, v. g. quia miro artificio fabri¬
13 2405 1056 2496 cata est posse vendi quanti absolutè pla
11 2473 1059 2536 cuerit? & haec sententia omnino in
13 2537 1060 2614 praxi amplectenda videtur, & per haec
5 2608 723 2689 facile patet ad argumenta.
240 2747 849 2817 SECTIO II.
26 2881 1047 2999 Quomodo taxanda sint pretia
153 2978 865 3056 rerum vendibilium.
135 3136 918 3205 SVMMARIVM.
5 3273 1040 3340 21 Vendentes non possunt ad libitum
199 3342 1046 3417 pretium rerum venalum taxare.
135 3406 750 3468 Tria dubia tractanda.
1 3471 1050 3558 22 Iustum pretium rerum vendibilium
196 3545 1047 3628 ex quamplurimis circumstantijs
198 3607 646 3685 est aestimandum.
0 3682 1047 3768 23 Quidam affirmant pretium rerum in
191 3743 1043 3815 se, & in veritate, & coram Deo
191 3807 783 3897 semper esse indiuisibile.
5 3880 1039 3958 24 Et ex sola ignorantia nostra habere
423 3960 498 4004 latitudinem etiam pretium vul¬
